<collection xmlns="http://www.loc.gov/MARC21/slim">
<record>
  <leader>01157nam0a22002171i 450 </leader>
  <controlfield tag="001">IT\ICCU\CNCE\066140</controlfield>
  <controlfield tag="005">20070803000000.0</controlfield>
  <datafield tag="012" ind1=" " ind2=" ">
    <subfield code="a">o-re esac tum- em*- (C) 1567 (Q)</subfield>
    <subfield code="2">fei</subfield>
  </datafield>
  <datafield tag="100" ind1=" " ind2=" ">
    <subfield code="a">20060828f1567        0itac0103    ba</subfield>
  </datafield>
  <datafield tag="101" ind1=" " ind2=" ">
    <subfield code="a">LAT</subfield>
  </datafield>
  <datafield tag="102" ind1=" " ind2=" ">
    <subfield code="a">IT</subfield>
  </datafield>
  <datafield tag="200" ind1="1" ind2=" ">
    <subfield code="a">℗S.d.n.d. Iulii papae III ℗Constitutio qua declaratur quod fructus beneficiatorum inexacti debeantur successoribus in beneficijs, &amp; non haeredibus dictorum beneficiatorum, ac quod ducati quingenti &amp; reliqua per mortem reuerendissimorum S.R.E. cardinalium camerae, &amp; capellae apost. debita, solui debeant, nec de eisdem per praefatos cardinales testari possit</subfield>
  </datafield>
  <datafield tag="210" ind1=" " ind2=" ">
    <subfield code="a">Romae</subfield>
    <subfield code="c">apud haeredes Antonij Bladij</subfield>
    <subfield code="d">impressores camerales</subfield>
    <subfield code="d">\non prima del 1567!</subfield>
  </datafield>
  <datafield tag="215" ind1=" " ind2=" ">
    <subfield code="a">\2! c.</subfield>
    <subfield code="d">fol</subfield>
  </datafield>
  <datafield tag="300" ind1=" " ind2=" ">
    <subfield code="a">La data si ricava dall&apos;attivit ̉dei tipografi. - Data del datum: 1551</subfield>
  </datafield>
  <datafield tag="620" ind1=" " ind2=" ">
    <subfield code="a">IT</subfield>
    <subfield code="d">Roma</subfield>
  </datafield>
  <datafield tag="700" ind1=" " ind2="0">
    <subfield code="a">Iulius</subfield>
    <subfield code="c"> &lt;papa</subfield>
    <subfield code="c"> ; 3.&gt;</subfield>
    <subfield code="3">IT\ICCU\CNCA\003087</subfield>
  </datafield>
  <datafield tag="712" ind1="0" ind2="0">
    <subfield code="a">Blado, Antonio - eredi</subfield>
    <subfield code="3">IT\ICCU\CNCT\000148</subfield>
    <subfield code="4">650</subfield>
  </datafield>
  <datafield tag="790" ind1=" " ind2="1">
    <subfield code="a">Ciocchi Del_Monte,</subfield>
    <subfield code="b">Giovanni Maria</subfield>
    <subfield code="3">IT\ICCU\CNCA\014543</subfield>
    <subfield code="z">Iulius &lt;papa ; 3.&gt;</subfield>
  </datafield>
  <datafield tag="801" ind1=" " ind2="3">
    <subfield code="a">IT</subfield>
    <subfield code="b">ICCU</subfield>
    <subfield code="c">20201115</subfield>
  </datafield>
  <datafield tag="899" ind1=" " ind2=" ">
    <subfield code="a">Biblioteca Palatina. Parma</subfield>
    <subfield code="1">PR0072</subfield>
    <subfield code="2">PAR PA</subfield>
  </datafield>
</record>
</collection>
